@inbook{duda2012pattern,
  title={Pattern classification},
  author={Duda, Richard O and Hart, Peter E and Stork, David G},
  publisher={John Wiley \& Sons},
  year={2012},
  pages={24}
}