@article{shrivastava2014multiple,
  title={Multiple kernel learning for sparse representation-based classification},
  author={Shrivastava, Ashish and Patel, Vishal M and Chellappa, Rama},
  journal={IEEE Transactions on Image Processing},
  volume={23},
  number={7},
  pages={3013--3024},
  year={2014},
  publisher={IEEE}
}
@article{zhang2012kernel,
  title={Kernel sparse representation-based classifier},
  author={Zhang, Li and Zhou, Wei-Da and Chang, Pei-Chann and Liu, Jing and Yan, Zhe and Wang, Ting and Li, Fan-Zhang},
  journal={IEEE Transactions on Signal Processing},
  volume={60},
  number={4},
  pages={1684--1695},
  year={2012},
  publisher={IEEE}
}
@article{gao2013sparse,
  title={Sparse representation with kernels},
  author={Gao, Shenghua and Tsang, Ivor Wai-Hung and Chia, Liang-Tien},
  journal={IEEE Transactions on Image Processing},
  volume={22},
  number={2},
  pages={423--434},
  year={2013},
  publisher={IEEE}
}